% Reference
% http://en.wikibooks.org/wiki/LaTeX/Bibliography_Management

% Here are some more often used styles:
%Style Name | Author Name Format | Reference Format | Sorting
%  abbrv    | H. J. Simpson      |        #ID#      | by author

% -----------------------------------------------------------------------------
@misc{web:lishash:home-page,
  author = {},
  title = {{Li's Hash - Home Page}},
  howpublished = "\url{http://www.lishash.org/}",
  year = {},
  note = ""
}
% -----------------------------------------------------------------------------
@misc{web:lishash:performance,
  author = {},
  title = {{Li's Hash - Performance}},
  howpublished = "\url{http://www.lishash.org/performance}",
  year = {},
  note = ""
}
% -----------------------------------------------------------------------------
@misc{web:linux-kernel:radix-tree,
  author = {},
  title = {{Radix Tree API in the Linux Kernel}},
  howpublished = "\url{http://lwn.net/Articles/175432/}",
  year = {},
  note = ""
}
% -----------------------------------------------------------------------------
@misc{web:wiki:mapreduce,
  author = {},
  title = {{MapReduce in Wikipedia}},
  howpublished = "\url{http://en.wikipedia.org/wiki/MapReduce}",
  year = {},
  note = ""
}
% -----------------------------------------------------------------------------
@misc{web:wiki:radix-tree,
  author = {},
  title = {{Radix tree in Wikipedia}},
  howpublished = "\url{http://en.wikipedia.org/wiki/Radix_tree}",
  year = {},
  note = ""
}
% -----------------------------------------------------------------------------
@misc{web:planetcassandra-blog,
  author = {},
  title = {{C* Community Blog}},
  howpublished = "\url{http://planetcassandra.org/blog}",
  year = {},
  note = ""
}
% -----------------------------------------------------------------------------
@misc{web:wiki:distributed_hash_table,
  author = {},
  title = {{Distributed hash table in Wikipedia}},
  howpublished = "\url{http://en.wikipedia.org/wiki/Distributed_hash_table}",
  year = {},
  note = ""
}
% -----------------------------------------------------------------------------
@misc{web:wiki:json,
  author = {},
  title = {{JSON in Wikipedia}},
  howpublished = "\url{http://en.wikipedia.org/wiki/JSON}",
  year = {},
  note = ""
}
% -----------------------------------------------------------------------------
@misc{web:wiki:n-gram,
  author = {},
  title = {{N-gram in Wikipedia}},
  howpublished = "\url{http://en.wikipedia.org/wiki/N-gram}",
  year = {},
  note = ""
}
% -----------------------------------------------------------------------------
@misc{web:wiki:hash-table,
  author = {},
  title = {{Hash table in Wikipedia}},
  howpublished = "\url{http://en.wikipedia.org/wiki/Hash_table}",
  year = {},
  note = ""
}
% -----------------------------------------------------------------------------
@misc{web:cqengine:official,
  author = {},
  title = {{cqengine: NoSQL indexing and query engine with ultra-low latency}},
  howpublished = "\url{https://code.google.com/p/cqengine/}",
  year = {},
  note = ""
}
% -----------------------------------------------------------------------------
@misc{web:cassandra:cql-tutorial,
  author = {},
  title = {{Cassandra Query Language (CQL) v2.0}},
  howpublished = "\url{http://cassandra.apache.org/doc/cql/CQL.html}",
  year = {},
  note = ""
}
% -----------------------------------------------------------------------------
@misc{web:arangodb:aql-tutorial,
  author = {},
  title = {{ArangoDB Query Language}},
  howpublished = "\url{https://www.arangodb.org/aqltutorial}",
  year = {},
  note = ""
}
% -----------------------------------------------------------------------------
@misc{web:mysql:sql-syntax-identifiers,
  author = {},
  title = {{MySQL 5.7 Manual, 9.2. Schema Object Names}},
  howpublished = "\url{http://dev.mysql.com/doc/refman/5.7/en/identifiers.html}",
  year = {},
  note = ""
}
% -----------------------------------------------------------------------------
@misc{web:sqlite:limits,
  author = {},
  title = {{Limits In SQLite}},
  howpublished = "\url{http://www.sqlite.org/limits.html}",
  year = {},
  note = ""
}
% -----------------------------------------------------------------------------
@misc{web:postgresql:sql-syntax-identifiers,
  author = {},
  title = {{PostgreSQL 9.3.2 Documentation, Chapter 4. SQL Syntax}},
  howpublished = "\url{http://www.postgresql.org/docs/current/interactive/sql-syntax-lexical.html#SQL-SYNTAX-IDENTIFIERS}",
  year = {},
  note = ""
}
% -----------------------------------------------------------------------------
@misc{web:sqlite:home-page,
  author = {},
  title = {{Sqlite Home Page}},
  howpublished = "\url{http://www.sqlite.org/}",
  year = {},
  note = ""
}
% -----------------------------------------------------------------------------
@misc{web:mariadb:home-page,
  author = {},
  title = {{MariaDB Home Page}},
  howpublished = "\url{https://mariadb.org/}",
  year = {},
  note = ""
}
% -----------------------------------------------------------------------------
@misc{web:postgresql:home-page,
  author = {},
  title = {{PostgreSQL Home Page}},
  howpublished = "\url{http://www.postgresql.org/}",
  year = {},
  note = ""
}
% -----------------------------------------------------------------------------
@misc{web:arangodb:comparison,
  author = {},
  title = {{ArangoDB comparison}},
  howpublished = "\url{http://vschart.com/compare/arangodb}",
  year = {},
  note = ""
}
% -----------------------------------------------------------------------------
@misc{web:leveldb:home-page,
  author = {},
  title = {{leveldb - A fast and lightweight key/value database library by Google.}},
  howpublished = "\url{https://code.google.com/p/leveldb/}",
  year = {},
  note = ""
}
% -----------------------------------------------------------------------------
@misc{web:cassandra:limitations,
  author = {},
  title = {{CassandraLimitations - Cassandra Wiki}},
  howpublished = "\url{http://wiki.apache.org/cassandra/CassandraLimitations}",
  year = {},
  note = ""
}
% -----------------------------------------------------------------------------
@misc{web:wiki:lucene,
  author = {},
  title = {{Lucene in Wikipedia}},
  howpublished = "\url{http://en.wikipedia.org/wiki/Lucene}",
  year = {},
  note = ""
}
% -----------------------------------------------------------------------------
@misc{web:wiki:leveldb,
  author = {},
  title = {{LevelDB in Wikipedia}},
  howpublished = "\url{http://en.wikipedia.org/wiki/LevelDB}",
  year = {},
  note = ""
}
% -----------------------------------------------------------------------------
@misc{web:neo4j:home-page,
  author = {},
  title = {{Neo4j - The World's Leading Graph Database}},
  howpublished = "\url{http://www.neo4j.org/}",
  year = {},
  note = ""
}
% -----------------------------------------------------------------------------
@misc{web:voldemort:home-page,
  author = {},
  title = {{Project Voldemort - A distributed database}},
  howpublished = "\url{http://www.project-voldemort.com/voldemort/}",
  year = {},
  note = ""
}
% -----------------------------------------------------------------------------
@misc{web:wiki:ieee-754,
  author = {},
  title = {{IEEE 754 in Wikipedia}},
  howpublished = "\url{http://en.wikipedia.org/wiki/IEEE_floating_point}",
  year = {},
  note = ""
}
% -----------------------------------------------------------------------------
@misc{web:transact-sql:data-types,
  author = {},
  title = {{Data Types (Transact-SQL)}},
  howpublished = "\url{http://technet.microsoft.com/en-us/library/ms187752.aspx}",
  year = {},
  note = ""
}
% -----------------------------------------------------------------------------
@misc{web:sqlite:data-types-3,
  author = {},
  title = {{Datatypes In SQLite Version 3}},
  howpublished = "\url{http://www.sqlite.org/datatype3.html}",
  year = {},
  note = ""
}
% -----------------------------------------------------------------------------
@misc{web:mysql:data-types,
  author = {},
  title = {{MySQL - Chapter 11. Data Types}},
  howpublished = "\url{http://dev.mysql.com/doc/refman/5.7/en/data-types.html}",
  year = {},
  note = ""
}
% -----------------------------------------------------------------------------
@misc{web:mysql:data-types-store-requirements,
  author = {},
  title = {{MySQL - 11.6. Data Type Storage Requirements}},
  howpublished = "\url{http://dev.mysql.com/doc/refman/5.7/en/storage-requirements.html}",
  year = {},
  note = ""
}
% -----------------------------------------------------------------------------
@misc{web:base256:convert,
  author = {},
  title = {{Base Convert}},
  howpublished = "\url{http://baseconvert.com/}",
  year = {},
  note = ""
}
% -----------------------------------------------------------------------------
@misc{web:base256:example,
  author = {},
  title = {{BASE function}},
  howpublished = "\url{http://office.microsoft.com/zh-tw/excel-help/HA102753259.aspx}",
  year = {},
  note = ""
}
% -----------------------------------------------------------------------------
@misc{web:base256:design,
  author = {},
  title = {{numbers in different bases}},
  howpublished = "\url{http://www.cplusplus.com/forum/beginner/12327/}",
  year = {},
  note = ""
}
% -----------------------------------------------------------------------------
@misc{web:wiki:floating_point,
  author = {},
  title = {{Floating point in Wikipedia}},
  howpublished = "\url{http://en.wikipedia.org/wiki/Floating-point}",
  year = {},
  note = ""
}
% -----------------------------------------------------------------------------
@misc{web:wiki:double-precision_floating-point_format,
  author = {},
  title = {{Double-precision floating-point format in Wikipedia}},
  howpublished = "\url{http://en.wikipedia.org/wiki/Double-precision_floating-point_format}",
  year = {},
  note = ""
}
% -----------------------------------------------------------------------------
@misc{web:wiki:real-number,
  author = {},
  title = {{Real number in Wikipedia}},
  howpublished = "\url{http://en.wikipedia.org/wiki/Real_number}",
  year = {},
  note = ""
}
% -----------------------------------------------------------------------------
@misc{web:vcpp:data-type-ranges,
  author = {},
  title = {{Data Type Ranges}},
  howpublished = "\url{http://msdn.microsoft.com/en-us/library/s3f49ktz.aspx}",
  year = {},
  note = ""
}
% -----------------------------------------------------------------------------
@misc{web:wiki:c-data-types,
  author = {},
  title = {{C data types in Wikipedia}},
  howpublished = "\url{http://en.wikipedia.org/wiki/C_data_types}",
  year = {},
  note = ""
}
% -----------------------------------------------------------------------------
@misc{web:c:data-types,
  author = {},
  title = {{C - Data Types}},
  howpublished = "\url{http://www.tutorialspoint.com/cprogramming/c_data_types.htm}",
  year = {},
  note = ""
}
% -----------------------------------------------------------------------------

@misc{web:transact-sql:int-bigint-smallint-tinyint,
  author = {},
  title = {{int, bigint, smallint, and tinyint (Transact-SQL)}},
  howpublished = "\url{http://technet.microsoft.com/zh-tw/library/ms187745.aspx}",
  year = {},
  note = ""
}
% -----------------------------------------------------------------------------
@misc{web:transact-sql:effective_number_of_bits-decimal_places-length,
  author = {},
  title = {{有效位數、小數位數和長度 (Transact-SQL)}},
  howpublished = "\url{http://technet.microsoft.com/zh-tw/library/ms190476(v=sql.105).aspx}",
  year = {},
  note = ""
}
% -----------------------------------------------------------------------------
@misc{web:transact-sql:float-real,
  author = {},
  title = {{float 和 real (Transact-SQL)}},
  howpublished = "\url{http://technet.microsoft.com/zh-tw/library/ms173773(v=sql.105).aspx}",
  year = {},
  note = ""
}
% -----------------------------------------------------------------------------
@misc{web:csharp:decimal,
  author = {},
  title = {{decimal (C\# 參考)}},
  howpublished = "\url{http://msdn.microsoft.com/zh-tw/library/364x0z75.ASPX}",
  year = {},
  note = ""
}
% -----------------------------------------------------------------------------
@misc{web:sql-server:decimal-float-real,
  author = {},
  title = {{使用 decimal、float 與 real 資料}},
  howpublished = "\url{http://technet.microsoft.com/zh-tw/library/ms187912(v=sql.105).aspx}",
  year = {},
  note = ""
}
% -----------------------------------------------------------------------------
@misc{web:c-cpp:floating-point-precision,
  author = {},
  title = {{[C\&C++] 浮點數精準度 (Floating-Point Precision)}},
  howpublished = "\url{http://cg2010studio.wordpress.com/2012/03/30/cc-%E6%B5%AE%E9%BB%9E%E6%95%B8%E7%B2%BE%E6%BA%96%E5%BA%A6-floating-point-precision/}",
  year = {},
  note = ""
}
% -----------------------------------------------------------------------------
@misc{web:mysql:query-sorting-numbers,
  author = {},
  title = {{MySQL Query Sorting with Numbers}},
  howpublished = "\url{http://stackoverflow.com/questions/7652763/mysql-query-sorting-with-numbers}",
  year = {},
  note = ""
}
% -----------------------------------------------------------------------------
@misc{web:mysql:using-decimal-to-record-float-point,
  author = {},
  title = {{MySQL 使用 decimal 型別記錄精準小數點}},
  howpublished = "\url{http://vic.ria.com.tw/?p=220}",
  year = {},
  note = ""
}
% -----------------------------------------------------------------------------
@misc{web:mysql:sql-manual-reference,
  author = {},
  title = {{MySQL語言參考}},
  howpublished = "\url{http://uranus.im.chu.edu.tw/~dtchang/html_doc/mysql/manual_Reference.html}",
  year = {},
  note = ""
}
% -----------------------------------------------------------------------------
@misc{web:wiki:round-off_error,
  author = {},
  title = {{Round-off error in Wikipedia}},
  howpublished = "\url{http://en.wikipedia.org/wiki/Round-off_error}",
  year = {},
  note = ""
}
% -----------------------------------------------------------------------------
@misc{web:c:handle-round-off_error,
  author = {},
  title = {{Using Type Casting to "Round Off" a Value in Memory}},
  howpublished = "\url{http://faculty.salisbury.edu/~dxdefino/RoundOff.htm}",
  year = {},
  note = ""
}
% -----------------------------------------------------------------------------
@misc{web:voldemort:any-limit-store-key,
  author = {},
  title = {{Is there a limit to the size of what can be stored in a given key?}},
  howpublished = "\url{http://osdir.com/ml/voldemort/2011-02/msg00056.html}",
  year = {},
  note = ""
}
% -----------------------------------------------------------------------------
@misc{web:google:protocol-buffers,
  author = {},
  title = {{Protocol Buffers}},
  howpublished = "\url{https://code.google.com/p/protobuf/}",
  year = {},
  note = ""
}
% -----------------------------------------------------------------------------

% -----------------------------------------------------------------------------
%                              Non-using
% -----------------------------------------------------------------------------
@misc{web:couchbase:n1ql-page,
  author = {},
  title = {{Started with Couchbase on N1QL}},
  howpublished = "\url{http://www.couchbase.com/communities/n1ql}",
  year = {},
  note = ""
}
% -----------------------------------------------------------------------------
@misc{web:wiki:nosql,
  author = {},
  title = {{NoSQL in Wikipedia}},
  howpublished = "\url{http://en.wikipedia.org/wiki/NoSQL}",
  year = {},
  note = ""
}
% -----------------------------------------------------------------------------
@misc{web:wiki:bigtable,
  author = {},
  title = {{BigTable in Wikipedia}},
  howpublished = "\url{http://zh.wikipedia.org/wiki/BigTable}",
  year = {},
  note = ""
}
% -----------------------------------------------------------------------------
@misc{web:querying-key-value-store,
  author = {},
  title = {{Querying key/value store}},
  howpublished = "\url{http://programmers.stackexchange.com/questions/122381/querying-key-value-store}",
  year = {},
  note = ""
}
% -----------------------------------------------------------------------------
@misc{web:performance-evaluation-range-queries-kv-stores,
  author = {},
  title = {{Performance Evaluation of Range Queries in Key Value Stores}},
  howpublished = "\url{http://programmers.stackexchange.com/questions/122381/querying-key-value-store}",
  year = {},
  note = ""
}
% -----------------------------------------------------------------------------
@misc{web:how-do-you-query-kv-store,
  author = {},
  title = {{How Do You Query a Key-Value Store Anyway?}},
  howpublished = "\url{http://kellblog.com/2009/07/24/how-do-you-query-a-key-value-store-anyway/}",
  year = {},
  note = ""
}
% -----------------------------------------------------------------------------
@misc{web:sql-query-with-kv-pairs,
  author = {},
  title = {{SQL query select and ordering all from same table with key/value pairs}},
  howpublished = "\url{http://stackoverflow.com/questions/9353145/sql-query-select-and-ordering-all-from-same-table-with-key-value-pairs}",
  year = {},
  note = ""
}
% -----------------------------------------------------------------------------
@misc{web:cqengine:index-quantization,
  author = {},
  title = {{CQEngine - Quantization}},
  howpublished = "\url{https://code.google.com/p/cqengine/wiki/IndexQuantization}",
  year = {},
  note = ""
}
% -----------------------------------------------------------------------------
@misc{web:wiki:sql,
  author = {},
  title = {{SQL in Wikipedia}},
  howpublished = "\url{http://en.wikipedia.org/wiki/SQL}",
  year = {},
  note = ""
}
% -----------------------------------------------------------------------------
@misc{web:bangdb:overview,
  author = {},
  title = {{BangDB - Embeddable}},
  howpublished = "\url{http://www.iqlect.com/bangdb_embedded.php}",
  year = {},
  note = ""
}
% -----------------------------------------------------------------------------
@misc{web:performance:LevelDB-Berkley-DB-BangDB,
  author = {},
  title = {{Performance Data For LevelDB, Berkley DB And BangDB For Random Operations}},
  howpublished = "\url{http://highscalability.com/blog/2012/11/29/performance-data-for-leveldb-berkley-db-and-bangdb-for-rando.html}",
  year = {},
  note = ""
}
% -----------------------------------------------------------------------------
@misc{web:level:content-design,
  author = {},
  title = {{leveldb實現解析}},
  howpublished = "\url{http://rdc.taobao.com/blog/cs/wp-content/plugins/leveldb%E5%AE%9E%E7%8E%B0%E8%A7%A3%E6%9E%90.pdf}",
  year = {},
  note = ""
}
% -----------------------------------------------------------------------------
@misc{web:level:test-play,
  author = {},
  title = {{Google LevelDB 試玩心得}},
  howpublished = "\url{http://www.puritys.me/docs-blog/article-112}",
  year = {},
  note = ""
}
% -----------------------------------------------------------------------------
@misc{web:level:user-guide,
  author = {},
  title = {{leveldb user's guide}},
  howpublished = "\url{http://leveldb.googlecode.com/svn/trunk/doc/index.html}",
  year = {},
  note = ""
}
% -----------------------------------------------------------------------------
@misc{web:level:quick-guide,
  author = {},
  title = {{A quick guide to LevelDB}},
  howpublished = "\url{http://dblab.cs.toronto.edu/courses/443/2013/tutorials/leveldb.html}",
  year = {},
  note = ""
}
% -----------------------------------------------------------------------------
@misc{web:level:source-code-understand,
  author = {},
  title = {{Leveldb源碼分析}},
  howpublished = "\url{http://blog.csdn.net/sparkliang/article/category/1342001}",
  year = {},
  note = ""
}
% -----------------------------------------------------------------------------
@misc{web:mariadb:level-storage-engine,
  author = {},
  title = {{LevelDB storage engine}},
  howpublished = "\url{https://mariadb.com/kb/en/leveldb/}",
  year = {},
  note = ""
}
% -----------------------------------------------------------------------------
@misc{web:lucene:introduction,
  author = {},
  title = {{Lucene：基於Java的全文檢索引擎簡介}},
  howpublished = "\url{http://www.chedong.com/tech/lucene.html}",
  year = {},
  note = ""
}
% -----------------------------------------------------------------------------
@misc{web:sqlite:sqlite-query-planning,
  author = {},
  title = {{SQLite 學習筆記之四 - Query Planning}},
  howpublished = "\url{http://garyliutw.blogspot.tw/2013/07/sqlite-query-planning.html}",
  year = {},
  note = ""
}	
% -----------------------------------------------------------------------------
@misc{web:wiki:radix,
  author = {},
  title = {{Radix in Wikipedia}},
  howpublished = "\url{http://en.wikipedia.org/wiki/Radix}",
  year = {},
  note = ""
}
% -----------------------------------------------------------------------------



% -----------------------------------------------------------------------------

% -----------------------------------------------------------------------------

% -----------------------------------------------------------------------------
@misc{ref-name,
  author = {},
  title = {{}},
  howpublished = "\url{http://}",
  year = {},
  note = ""
}
% -----------------------------------------------------------------------------
