% Reference
% http://en.wikibooks.org/wiki/LaTeX/Bibliography_Management

% Here are some more often used styles:
%Style Name | Author Name Format | Reference Format | Sorting
%  abbrv    | H. J. Simpson      |        #ID#      | by author

% -----------------------------------------------------------------------------
@inproceedings{paper:adaptive-radix-tree,
 author = {Leis, Viktor and Kemper, Alfons and Neumann, Thomas},
 title = {The Adaptive Radix Tree: ARTful Indexing for Main-memory Databases},
 booktitle = {Proceedings of the 2013 IEEE International Conference on Data Engineering (ICDE 2013)},
 series = {ICDE '13},
 year = {2013},
 isbn = {978-1-4673-4909-3},
 pages = {38--49},
 numpages = {12},
 url = {http://dx.doi.org/10.1109/ICDE.2013.6544812},
 doi = {10.1109/ICDE.2013.6544812},
 acmid = {2511193},
 publisher = {IEEE Computer Society},
 address = {Washington, DC, USA},
}
% -----------------------------------------------------------------------------
@inproceedings{paper:nodb,
 author = {Alagiannis, Ioannis and Borovica, Renata and Branco, Miguel and Idreos, Stratos and Ailamaki, Anastasia},
 title = {NoDB: Efficient Query Execution on Raw Data Files},
 booktitle = {Proceedings of the 2012 ACM SIGMOD International Conference on Management of Data},
 series = {SIGMOD '12},
 year = {2012},
 isbn = {978-1-4503-1247-9},
 location = {Scottsdale, Arizona, USA},
 pages = {241--252},
 numpages = {12},
 url = {http://doi.acm.org/10.1145/2213836.2213864},
 doi = {10.1145/2213836.2213864},
 acmid = {2213864},
 publisher = {ACM},
 address = {New York, NY, USA},
 keywords = {adaptive loading, in situ querying, positional map},
}
% -----------------------------------------------------------------------------
@inproceedings{paper:spreadsheet-engine,
 author = {Tyszkiewicz, Jerzy},
 title = {Spreadsheet As a Relational Database Engine},
 booktitle = {Proceedings of the 2010 ACM SIGMOD International Conference on Management of Data},
 series = {SIGMOD '10},
 year = {2010},
 isbn = {978-1-4503-0032-2},
 location = {Indianapolis, Indiana, USA},
 pages = {195--206},
 numpages = {12},
 url = {http://doi.acm.org/10.1145/1807167.1807191},
 doi = {10.1145/1807167.1807191},
 acmid = {1807191},
 publisher = {ACM},
 address = {New York, NY, USA},
 keywords = {performance, relational algebra, relational databases, spreadsheets, sql},
}
% -----------------------------------------------------------------------------
@article{paper:google-mapreduce,
 author = {Dean, Jeffrey and Ghemawat, Sanjay},
 title = {MapReduce: Simplified Data Processing on Large Clusters},
 journal = {Commun. ACM},
 issue_date = {January 2008},
 volume = {51},
 number = {1},
 month = jan,
 year = {2008},
 issn = {0001-0782},
 pages = {107--113},
 numpages = {7},
 url = {http://doi.acm.org/10.1145/1327452.1327492},
 doi = {10.1145/1327452.1327492},
 acmid = {1327492},
 publisher = {ACM},
 address = {New York, NY, USA},
}
% -----------------------------------------------------------------------------
@inproceedings{paper:google-f1-ad-business,
 author = {Shute, Jeff and Oancea, Mircea and Ellner, Stephan and Handy, Ben and Rollins, Eric and Samwel, Bart and Vingralek, Radek and Whipkey, Chad and Chen, Xin and Jegerlehner, Beat and Littlefield, Kyle and Tong, Phoenix},
 title = {F1: The Fault-tolerant Distributed RDBMS Supporting Google's Ad Business},
 booktitle = {Proceedings of the 2012 ACM SIGMOD International Conference on Management of Data},
 series = {SIGMOD '12},
 year = {2012},
 isbn = {978-1-4503-1247-9},
 location = {Scottsdale, Arizona, USA},
 pages = {777--778},
 numpages = {2},
 url = {http://doi.acm.org/10.1145/2213836.2213954},
 doi = {10.1145/2213836.2213954},
 acmid = {2213954},
 publisher = {ACM},
 address = {New York, NY, USA},
 keywords = {business applications, mysql, query engines, relational schema, scalability, sql, synchronous replication, transactional consistency},
}
% -----------------------------------------------------------------------------
@article{paper:google-f1,
 author = {Shute, Jeff and Vingralek, Radek and Samwel, Bart and Handy, Ben and Whipkey, Chad and Rollins, Eric and Oancea, Mircea and Littlefield, Kyle and Menestrina, David and Ellner, Stephan and Cieslewicz, John and Rae, Ian and Stancescu, Traian and Apte, Himani},
 title = {F1: A Distributed SQL Database That Scales},
 journal = {Proc. VLDB Endow.},
 issue_date = {August 2013},
 volume = {6},
 number = {11},
 month = aug,
 year = {2013},
 issn = {2150-8097},
 pages = {1068--1079},
 numpages = {12},
 url = {http://dl.acm.org/citation.cfm?id=2536222.2536232},
 acmid = {2536232},
 publisher = {VLDB Endowment},
}
% -----------------------------------------------------------------------------
@article{paper:google-bigtable,
 author = {Chang, Fay and Dean, Jeffrey and Ghemawat, Sanjay and Hsieh, Wilson C. and Wallach, Deborah A. and Burrows, Mike and Chandra, Tushar and Fikes, Andrew and Gruber, Robert E.},
 title = {Bigtable: A Distributed Storage System for Structured Data},
 journal = {ACM Trans. Comput. Syst.},
 issue_date = {June 2008},
 volume = {26},
 number = {2},
 month = jun,
 year = {2008},
 issn = {0734-2071},
 pages = {4:1--4:26},
 articleno = {4},
 numpages = {26},
 url = {http://doi.acm.org/10.1145/1365815.1365816},
 doi = {10.1145/1365815.1365816},
 acmid = {1365816},
 publisher = {ACM},
 address = {New York, NY, USA},
 keywords = {Large-Scale Distributed Storage},
} 
% -----------------------------------------------------------------------------
@INPROCEEDINGS{6008897, 
author={Pirzadeh, P. and Tatemura, J. and Hacigumus, H.}, 
booktitle={Parallel and Distributed Processing Workshops and Phd Forum (IPDPSW), 2011 IEEE International Symposium on}, 
title={Performance Evaluation of Range Queries in Key Value Stores}, 
year={2011}, 
pages={1092-1101}, 
keywords={application program interfaces;cloud computing;query processing;storage management;API;Cassandra systems;HBase systems;No-SQL solutions;Voldemort systems;cloud environment;data storage;key value stores;performance evaluation;range queries;Availability;Engines;Generators;Indexing;Loading;Real time systems}, 
doi={10.1109/IPDPS.2011.257}, 
ISSN={1530-2075},}
% -----------------------------------------------------------------------------
@article{paper:amazon-dynamo-1,
 author = {DeCandia, Giuseppe and Hastorun, Deniz and Jampani, Madan and Kakulapati, Gunavardhan and Lakshman, Avinash and Pilchin, Alex and Sivasubramanian, Swaminathan and Vosshall, Peter and Vogels, Werner},
 title = {Dynamo: Amazon's Highly Available Key-value Store},
 journal = {SIGOPS Oper. Syst. Rev.},
 issue_date = {December 2007},
 volume = {41},
 number = {6},
 month = oct,
 year = {2007},
 issn = {0163-5980},
 pages = {205--220},
 numpages = {16},
 url = {http://doi.acm.org/10.1145/1323293.1294281},
 doi = {10.1145/1323293.1294281},
 acmid = {1294281},
 publisher = {ACM},
 address = {New York, NY, USA},
 keywords = {performance, reliability, scalability},
}
% -----------------------------------------------------------------------------
@inproceedings{paper:amazon-dynamo-2,
 author = {DeCandia, Giuseppe and Hastorun, Deniz and Jampani, Madan and Kakulapati, Gunavardhan and Lakshman, Avinash and Pilchin, Alex and Sivasubramanian, Swaminathan and Vosshall, Peter and Vogels, Werner},
 title = {Dynamo: Amazon's Highly Available Key-value Store},
 booktitle = {Proceedings of Twenty-first ACM SIGOPS Symposium on Operating Systems Principles},
 series = {SOSP '07},
 year = {2007},
 isbn = {978-1-59593-591-5},
 location = {Stevenson, Washington, USA},
 pages = {205--220},
 numpages = {16},
 url = {http://doi.acm.org/10.1145/1294261.1294281},
 doi = {10.1145/1294261.1294281},
 acmid = {1294281},
 publisher = {ACM},
 address = {New York, NY, USA},
 keywords = {performance, reliability, scalability},
}
% -----------------------------------------------------------------------------
@article{paper:google-spanner-2,
 author = {Corbett, James C. and Dean, Jeffrey and Epstein, Michael and Fikes, Andrew and Frost, Christopher and Furman, J. J. and Ghemawat, Sanjay and Gubarev, Andrey and Heiser, Christopher and Hochschild, Peter and Hsieh, Wilson and Kanthak, Sebastian and Kogan, Eugene and Li, Hongyi and Lloyd, Alexander and Melnik, Sergey and Mwaura, David and Nagle, David and Quinlan, Sean and Rao, Rajesh and Rolig, Lindsay and Saito, Yasushi and Szymaniak, Michal and Taylor, Christopher and Wang, Ruth and Woodford, Dale},
 title = {Spanner: Google\&Rsquo;s Globally Distributed Database},
 journal = {ACM Trans. Comput. Syst.},
 issue_date = {August 2013},
 volume = {31},
 number = {3},
 month = aug,
 year = {2013},
 issn = {0734-2071},
 pages = {8:1--8:22},
 articleno = {8},
 numpages = {22},
 url = {http://doi.acm.org/10.1145/2491245},
 doi = {10.1145/2491245},
 acmid = {2491245},
 publisher = {ACM},
 address = {New York, NY, USA},
 keywords = {Distributed databases, concurrency control, replication, time management, transactions},
} 
% -----------------------------------------------------------------------------
@inproceedings{paper:google-fusion-tables,
 author = {Gonzalez, Hector and Halevy, Alon and Jensen, Christian S. and Langen, Anno and Madhavan, Jayant and Shapley, Rebecca and Shen, Warren},
 title = {Google Fusion Tables: Data Management, Integration and Collaboration in the Cloud},
 booktitle = {Proceedings of the 1st ACM Symposium on Cloud Computing},
 series = {SoCC '10},
 year = {2010},
 isbn = {978-1-4503-0036-0},
 location = {Indianapolis, Indiana, USA},
 pages = {175--180},
 numpages = {6},
 url = {http://doi.acm.org/10.1145/1807128.1807158},
 doi = {10.1145/1807128.1807158},
 acmid = {1807158},
 publisher = {ACM},
 address = {New York, NY, USA},
 keywords = {cloud-services, geo-spatial data, visualization},
} 
% -----------------------------------------------------------------------------
@inproceedings{paper:google-spanner-1,
 author = {Corbett, James C. and Dean, Jeffrey and Epstein, Michael and Fikes, Andrew and Frost, Christopher and Furman, J. J. and Ghemawat, Sanjay and Gubarev, Andrey and Heiser, Christopher and Hochschild, Peter and Hsieh, Wilson and Kanthak, Sebastian and Kogan, Eugene and Li, Hongyi and Lloyd, Alexander and Melnik, Sergey and Mwaura, David and Nagle, David and Quinlan, Sean and Rao, Rajesh and Rolig, Lindsay and Saito, Yasushi and Szymaniak, Michal and Taylor, Christopher and Wang, Ruth and Woodford, Dale},
 title = {Spanner: Google's Globally-distributed Database},
 booktitle = {Proceedings of the 10th USENIX Conference on Operating Systems Design and Implementation},
 series = {OSDI'12},
 year = {2012},
 isbn = {978-1-931971-96-6},
 location = {Hollywood, CA, USA},
 pages = {251--264},
 numpages = {14},
 url = {http://dl.acm.org/citation.cfm?id=2387880.2387905},
 acmid = {2387905},
 publisher = {USENIX Association},
 address = {Berkeley, CA, USA},
} 
% -----------------------------------------------------------------------------
@inproceedings{paper:google-megastore,
title = {Megastore: Providing Scalable, Highly Available Storage for Interactive Services},
author  = {Jason Baker and Chris Bond and James C. Corbett and JJ Furman and Andrey Khorlin and James Larson and Jean-Michel Leon and Yawei Li and Alexander Lloyd and Vadim Yushprakh},
year  = 2011,
URL = {http://www.cidrdb.org/cidr2011/Papers/CIDR11_Paper32.pdf},
booktitle = {Proceedings of the Conference on Innovative Data system Research (CIDR)},
pages = {223--234}
}
% -----------------------------------------------------------------------------

% -----------------------------------------------------------------------------

% -----------------------------------------------------------------------------

% -----------------------------------------------------------------------------

% -----------------------------------------------------------------------------

% -----------------------------------------------------------------------------

% -----------------------------------------------------------------------------

% -----------------------------------------------------------------------------


