%
% book.bib
%

% @book - A published book
%   Required: author/editor, title, publisher, year.
%   Optional: volume/number, series, edition.

%@book{label:book,
%    author    = "",
%    title     = "",
%    publisher = "",
%    %volume   = "",
%    %number   = "",
%    %series   = "",
%    %edition  = "",
%    year      = "XXXX",
%}

% Reference
% http://en.wikibooks.org/wiki/LaTeX/Bibliography_Management

% -----------------------------------------------------------------------------
@book{testpage:bib:book:hadoop,
 author = {White, Tom},
 title = {Hadoop: The Definitive Guide},
 year = {2009},
 isbn = {0596521979, 9780596521974},
 edition = {1st},
 publisher = {O'Reilly Media, Inc.},
}
% -----------------------------------------------------------------------------

% -----------------------------------------------------------------------------

% -----------------------------------------------------------------------------

% -----------------------------------------------------------------------------

% -----------------------------------------------------------------------------

% -----------------------------------------------------------------------------

% -----------------------------------------------------------------------------

% -----------------------------------------------------------------------------

