%
% msic.bib
% (miscellaneous, everything)
%
%
% %@misc - Template useful for other kinds of publication
%   Required fields: none
%   Optional fields: author, title, howpublished, month, year, note.
%
%@misc{label:misc,
%    %author    = "",
%    %title     = "",
%    %howpublished = "",
%    %year     = "XXXX",
%    %month    = "",
%    %note     = "",
%}
%
%  E.g (Website)
%    @misc{website:google,
%      author = {},
%      title = {{Google - Homepage}},
%      howpublished = "http://www.google.com/",
%      year = {},
%      note = ""
%    }
%
% Reference
% http://en.wikibooks.org/wiki/LaTeX/Bibliography_Management

% -----------------------------------------------------------------------------
@misc{web:this-project:homepage,
  author = {},
  title = {{NCKU thesis templete - Homepage}},
  howpublished = "\url{http://www.github.com/ncku-thesis-templete/}",
  year = {},
  note = ""
}
% -----------------------------------------------------------------------------
@misc{web:latex:ntu_introduction,
  author = {},
  title = {{國立台灣大學 - 使用LaTeX做出精美的論文}},
  howpublished = "\url{http://www.cc.ntu.edu.tw/chinese/epaper/0014/20100920_1404.htm}",
  year = {},
  note = ""
}
% -----------------------------------------------------------------------------
@misc{web:ncku:thesis-need-to-know,
  author = {},
  title = {{電機工程系辦 - 論文撰寫須知.pdf}},
  howpublished = "\url{"http://office.ee.ncku.edu.tw/uploads/\%E8\%AB\%96\%E6\%96\%87\%E6\%92\%B0\%E5\%AF\%AB\%E9\%A0\%88\%E7\%9F\%A5.pdf}",
  year = {},
  note = ""
}
% -----------------------------------------------------------------------------
@misc{web:latex:template:ntust,
  author = {},
  title = {{台灣科技大學碩博士論文Latex模板}},
  howpublished = "\url{https://code.google.com/p/ntust-thesis/}",
  year = {},
  note = ""
}
% -----------------------------------------------------------------------------
@misc{web:latex:template:ntu,
  author = {},
  title = {{臺灣大學碩博士論文 XeLaTeX 模版}},
  howpublished = "\url{https://github.com/tzhuan/ntu-thesis/wiki}",
  year = {},
  note = ""
}
% -----------------------------------------------------------------------------
@misc{web:latex:template:ntu,
  author = {},
  title = {{關於LaTeX 的一些筆記 - 元智大學}},
  howpublished = "\url{http://exciton.eo.yzu.edu.tw/~lab/latex/latex_note.html}",
  year = {},
  note = ""
}
% -----------------------------------------------------------------------------
@misc{web:latex:ncku_math_introduction,
  author = {},
  title = {{國立成功大學數學系留言版}},
  howpublished = "\url{http://www.math.ncku.edu.tw/gb/latex_howto.html}",
  year = {},
  note = ""
}
% -----------------------------------------------------------------------------
@misc{web:latex:ncku_math_forum,
  author = {},
  title = {{數學討論區}},
  howpublished = "\url{http://math3.math.ncku.edu.tw/phpBB3/viewtopic.php?f=14&t=21}",
  year = {},
  note = ""
}
% -----------------------------------------------------------------------------
@misc{web:latex:cwtex,
  author = {},
  title = {{安裝cwtex 圖文說明(Windows 系統)}},
  howpublished = "\url{http://homepage.ntu.edu.tw/~ntut019/cwtex-install/cwtex-install.html}",
  year = {},
  note = ""
}
% -----------------------------------------------------------------------------
@misc{web:latex:table-generator,
  author = {},
  title = {{LaTeX Table Generator}},
  howpublished = "\url{http://www.tablesgenerator.com/}",
  year = {},
  note = ""
}
% -----------------------------------------------------------------------------
@misc{web:latex:yzu,
  author = {},
  title = {{元智大學論文 LaTeX 格式檔快速上手}},
  howpublished = "\url{http://exciton.eo.yzu.edu.tw/~lab/latex/howto_yzu_thesis.html}",
  year = {},
  note = ""
}
% -----------------------------------------------------------------------------
@misc{web:latex:equation:codecogs,
  author = {},
  title = {{Online LaTeX Equation Editor - create, integrate and download}},
  howpublished = "\url{http://www.codecogs.com/latex/eqneditor.php}",
  year = {},
  note = ""
}
% -----------------------------------------------------------------------------
@misc{web:latex:equation:hostmath,
  author = {},
  title = {{HostMath - Online LaTeX formula editor and browser-based math equation editor}},
  howpublished = "\url{http://www.hostmath.com/}",
  year = {},
  note = ""
}
% -----------------------------------------------------------------------------
@misc{web:latex:wikibooks,
  author = {},
  title = {{LaTeX - Wikibooks, open books for an open world}},
  howpublished = "\url{http://en.wikibooks.org/wiki/LaTeX}",
  year = {},
  note = ""
}
% -----------------------------------------------------------------------------



