% Reference
% http://en.wikibooks.org/wiki/LaTeX/Bibliography_Management

% Here are some more often used styles:
%Style Name | Author Name Format | Reference Format | Sorting
%  abbrv    | H. J. Simpson      |        #ID#      | by author

% -----------------------------------------------------------------------------
@book{Rowling,
author = &quot;Joanne K. Rowling&quot;,
title = &quot;Harry Potter and the Sorcerer's Stone&quot;,
publisher = &quot;Bloomsbury , London&quot;,
year = &quot;1997&quot;
}
